@inproceedings{weiss2021thinking,
  title={Thinking like transformers},
  author={Weiss, Gail and Goldberg, Yoav and Yahav, Eran},
  booktitle={International Conference on Machine Learning},
  pages={11080--11090},
  year={2021},
  organization={PMLR}
}

@article{merrill2025exact,
  title={Exact Expressive Power of Transformers with Padding},
  author={Merrill, William and Sabharwal, Ashish},
  journal={arXiv preprint arXiv:2505.18948},
  year={2025}
}

@article{schuurmans2024autoregressive,
  title={Autoregressive large language models are computationally universal},
  author={Schuurmans, Dale and Dai, Hanjun and Zanini, Francesco},
  journal={arXiv preprint arXiv:2410.03170},
  year={2024}
}